@book{balzert2014,
    author = {Balzert, Helmut},
    title = {Java: Objektorientiert programmieren: Vom objektorientierten Analysemodell bis zum objektorientierten Programm},
    year = {2014},
    publisher = {W3L AG},
    address = {Dortmund},
    
    whose = {Luca},
    mynote = {\\Dieses Buch war für den Erfolg unseres Projektes essentiell. Durch bestimmte objektorientierte Designmethoden konnten wir das Projekt erst sinnvoll strukturieren und uns so schließlich auf die Entwicklung der Simulation und der Implementierung der genetischen Algorithmen fokussieren. Auch wenn dieses Buch auf den ersten Blick nichts mit unserem Themengebiet zu tun hat, haben wir auf bestimmte \mbox{Designmethoden} zurückgegriffen und waren nur so in der Lage, die Simulation und den genetischen Algorithmus zu entwickeln.}
}

@book{gerdes2004,
    author = {Gerdes, Ingrid and Klawonn, Frank and Kruse, Rudolf},
    title = {Evolutionäre Algorithmen: Genetische Algorithmen - Strategien Und Optimierungsverfahren - Beispielanwendungen},
    year = {2004},
    publisher = {Friedr. Vierweg & Sohn Verlag},
    address = {Wiesbaden},
    
    whose = {Luca},
    mynote = {\\Diese Quelle konnte mir einen sehr tiefen und gründlichen Einblick in die genetischen Algorithmen geben. Ein Problem dieses Buches war, dass die Mathematik auf Universitätsniveau beschrieben und so teilweise schwierig nachzuvollziehen war. Jedoch war dieses Buch meine wichtigste Quelle zum Verständnis von genetischen Algorithmen. Zusätzlich konnten viele vorgestellte Designmethoden implementiert beziehungsweise abgewandelt eingesetzt werden.}
}

@book{jacobson2015,
    author = {Jacobson, Lee and Kanber, Burak},
    title = {Genetic Algorithms in Java Basics},
    year = {2015},
    publisher = {Apress},
    address = {New York},
    
    whose = {Amon},
    mynote = {\\Dieses Buch bietet zwei große Vorteile; Erstens wird die Idee eines genetischen Algorithmus, die in \cite{gerdes2004} sehr ausführlich beschrieben wird, sinnvoll und verkürzt zusammengefasst. Weiterhin enthält diese Quelle Code-Beispiele verschiedener genetischer Algorithmen in Java. Damit bot das Buch eine hervorragende Grundlage für die Implementierung unseres eigenen genetischen Algorithmus.}
}

@techreport{selzam2006,
    author = {Selzam, Bianca},
    title = {Genetische Algorithmen},
    year = {2006},
    institution = {TU Dortmund},
    
    whose = {Amon},
    mynote = {\\Diese Quelle verwendete ich, um mir einen ersten grundlegenden Überblick über die Bestandteile eines genetischen Algorithmus zu verschaffen. Sie beschreibt die Bezüge von genetischen Algorithmen zur biologischen Evolution.}
}

@online{carykh2015,
    author = {Huang, Cary K.},
    title = {Evolution Simulator (Part 1/4)},
    year = {2015},
    url = {https://www.youtube.com/watch?v=GOFws_hhZs8},
    suffix = {\space[abgerufen am 08.03.2018]},
    
    whose = {Amon},
    mynote = {\\In diesem Video erfuhr ich erstmalig über die Existenz und den grundlegenden Aufbau von genetischen Algorithmen. Da die Funktionsweise hier zwar relativ simpel, aber sehr anschaulich präsentiert wird, ist sie es definitiv wert, im Literaturverzeichnis erwähnt zu werden.}
}

@online{patel2014,
    author = {Patel, Amit},
    title = {Introduction to A*},
    year = {2014},
    url = {https://www.redblobgames.com/pathfinding/a-star/introduction.html},
    suffix = {\space[abgerufen am 03.01.2018]},
    
    whose = {Luca},
    mynote = {\\Diese Onlinequelle hat mir für die Entwicklung der Simulation sehr geholfen. So musste ich einen Wegfindungsalgorithmus implementieren, damit Personen die richtige Buslinie zum Ziel verwenden und auch umsteigen können. Die Quelle hat mir einen gründlichen Einblick in die Funktionsweise verschiedener Wegfindungsalgorithmen gegeben. Schließlich habe ich den A*-Algorithmus mithilfe der third-party-library „jGraph“ implementiert.}
}

@online{trafficsimGitHub,
    author = {Benson, Amon and Jungnickel, Luca},
    title = {Generic Traffic Simulator},
    year = {2017},
    url = {https://github.com/amonbenson/GenericTrafficSimulator},
    suffix = {\space[abgerufen am 11.03.2018]},
    
    whose = {beiden},
    mynote = {\\Link zur Github-Repository unseres Projektes.}
}

@article{yu2011,
    author = {Yu, Bin and Yang, Zhongzhen and Sun, Xueshan and Yao, Baozhen and Zeng, Qingcheng and Jeppesen, Erik},
    title = {Parallel genetic algorithm in bus route headway optimization},
    year = {2011},
    journal = {Applied Soft Computing, Volume 11, Issue 8},
    
    whose = {Luca}
}

@article{holland1992,
    author = {Holland, J. H.},
    title = {Genetic Algorithms},
    year = {1992},
    journal = {Scientific American},
    
    whose = {Amon}
}

@online{titleimg,
    title = {Titelbild},
    url = {darwinian-medicine.com/wp-content/uploads/2016/11/evolution.jpg},
    
    whose = {Amon}
}